@article{daemen2020,
    title = {Xoodyak, a lightweight cryptographic scheme},
    volume = {2020},
    url = {https://tosc.iacr.org/index.php/ToSC/article/view/8618},
    DOI = {10.13154/tosc.v2020.iS1.60-87},
    number = {S1},
    journal = {IACR Transactions on Symmetric Cryptology},
    author = {Daemen, Joan and Hoffert, Seth and Peeters, MichaÃ«l and Van Assche, Gilles and Van Keer, Ronny},
    year = {2020},
    month = {Jun.},
    pages = {60--87},
}

@techreport{deValence2020,
    title = {The ristretto255 and decaf448 groups},
    author = {de Valence, Henry and Grigg, Jack and Tankersley, George and Valsorda, Filippo and Lovecruft, Isis and Hamburg, Mike},
    year = {2020},
    institution = {IETF CFRG Internet Draft},
    url = {https://www.ietf.org/archive/id/draft-irtf-cfrg-ristretto255-decaf448-03.html},
}

@misc{deValence2018,
    title = {Why ristretto?},
    url = {https://ristretto.group/why_ristretto.html},
    journal = {ristretto.group},
    author = {de Valence, Henry},
    year = {2018},
}

@inproceedings{bertoni2011,
    title = {Duplexing the sponge: single-pass authenticated encryption and other applications},
    author = {Bertoni, Guido and Daemen, Joan and Peeters, Micha{\"e}l and Assche, Gilles Van},
    booktitle = {International Workshop on Selected Areas in Cryptography},
    pages = {320--337},
    year = {2011},
    organization = {Springer},
    url = {https://keccak.team/files/SpongeDuplex.pdf},
}

@inproceedings{bertoni2008,
    author = {Bertoni, Guido and Daemen, Joan and Peeters, Micha{\"e}l and Van Assche, Gilles},
    editor = {Smart, Nigel},
    title = {On the Indifferentiability of the Sponge Construction},
    booktitle = {Advances in Cryptology -- EUROCRYPT 2008},
    year = {2008},
    publisher = {Springer Berlin Heidelberg},
    address = {Berlin, Heidelberg},
    pages = {181--197},
    isbn = {978-3-540-78967-3},
    url = {https://keccak.team/files/SpongeIndifferentiability.pdf},
}

@inproceedings{grubbs2017,
    title = {Message franking via committing authenticated encryption},
    author = {Grubbs, Paul and Lu, Jiahui and Ristenpart, Thomas},
    booktitle = {Annual International Cryptology Conference},
    pages = {66--97},
    year = {2017},
    organization = {Springer},
    url = {https://eprint.iacr.org/2017/664.pdf},
}

@book{katz2020,
    doi = {10.1201/9781351133036},
    url = {https://doi.org/10.1201/9781351133036},
    year = {2020},
    month = dec,
    publisher = {Chapman and Hall/{CRC}},
    author = {Jonathan Katz and Yehuda Lindell},
    title = {Introduction to Modern Cryptography},
}

@inproceedings{brendel2021,
    author = {Brendel, Jacqueline and Cremers, Cas and Jackson, Dennis and Zhao, Mang},
    booktitle = {2021 IEEE Symposium on Security and Privacy (SP)},
    title = {The Provable Security of Ed25519: Theory and Practice},
    year = {2021},
    pages = {1659--1676},
    doi = {10.1109/SP40001.2021.00042},
}

@misc{hamburg2017,
    author = {Mike Hamburg},
    title = {The STROBE protocol framework},
    howpublished = {Cryptology ePrint Archive, Report 2017/003},
    year = {2017},
    url = {https://eprint.iacr.org/2017/003.pdf},
}

@inproceedings{chalkias2020,
    title = {Taming the many EdDSAs},
    author = {Chalkias, Konstantinos and Garillot, Fran{\c{c}}ois and Nikolaenko, Valeria},
    booktitle = {International Conference on Research in Security Standardisation},
    pages = {67--90},
    year = {2020},
    organization = {Springer},
    url = {https://eprint.iacr.org/2020/1244.pdf},
}

@article{pointcheval2000,
    title = {Security arguments for digital signatures and blind signatures},
    author = {Pointcheval, David and Stern, Jacques},
    journal = {Journal of cryptology},
    volume = {13},
    number = {3},
    pages = {361--396},
    year = {2000},
    publisher = {Springer},
    url = {https://www.di.ens.fr/david.pointcheval/Documents/Papers/2000_joc.pdf},
}

@article{neven2009,
    title = {Hash function requirements for Schnorr signatures},
    author = {Neven, Gregory and Smart, Nigel P and Warinschi, Bogdan},
    journal = {Journal of Mathematical Cryptology},
    volume = {3},
    number = {1},
    pages = {69--87},
    year = {2009},
    url = {http://www.neven.org/papers/schnorr.pdf},
}

@inproceedings{fleischhacker2013,
    title = {Pseudorandom signatures},
    author = {Fleischhacker, Nils and G{\"u}nther, Felix and Kiefer, Franziskus and Manulis, Mark and Poettering, Bertram},
    booktitle = {Proceedings of the 8th ACM SIGSAC symposium on Information, computer and communications security},
    pages = {107--118},
    year = {2013},
    url = {https://eprint.iacr.org/2011/673.pdf},
}

@inproceedings{aranha2020,
    title = {Security of hedged Fiat--Shamir signatures under fault attacks},
    author = {Aranha, Diego F and Orlandi, Claudio and Takahashi, Akira and Zaverucha, Greg},
    booktitle = {Annual International Conference on the Theory and Applications of Cryptographic Techniques},
    pages = {644--674},
    year = {2020},
    organization = {Springer},
    url = {https://eprint.iacr.org/2019/956.pdf},
}

@incollection{bjorstad2010,
    title = {Hybrid signcryption},
    author = {Bj{\o}rstad, Tor E},
    booktitle = {Practical Signcryption},
    pages = {121--147},
    year = {2010},
    publisher = {Springer},
}

@incollection{barreto2010,
    title = {Signcryption schemes based on the Diffie--Hellman problem},
    author = {Barreto, Paulo SLM and Libert, Beno{\^\i}t and McCullagh, Noel and Quisquater, Jean-Jacques},
    booktitle = {Practical Signcryption},
    pages = {57--69},
    year = {2010},
    publisher = {Springer},
}

@inproceedings{bjorstad2006,
    title = {Building better signcryption schemes with tag-KEMs},
    author = {Bj{\o}rstad, Tor E and Dent, Alexander W},
    booktitle = {International Workshop on Public Key Cryptography},
    pages = {491--507},
    year = {2006},
    organization = {Springer},
    url = {http://www.ii.uib.no/~tor/pdf/PKC_tagkem.pdf},
}

@inproceedings{abe2005,
    title = {Tag-KEM/DEM: A new framework for hybrid encryption and a new analysis of Kurosawa-Desmedt KEM},
    author = {Abe, Masayuki and Gennaro, Rosario and Kurosawa, Kaoru and Shoup, Victor},
    booktitle = {Annual international conference on the theory and applications of cryptographic techniques},
    pages = {128--146},
    year = {2005},
    organization = {Springer},
    url = {https://eprint.iacr.org/2005/027.pdf},
}

@inproceedings{bellare2001,
    title = {Key-privacy in public-key encryption},
    author = {Bellare, Mihir and Boldyreva, Alexandra and Desai, Anand and Pointcheval, David},
    booktitle = {International Conference on the Theory and Application of Cryptology and Information Security},
    pages = {566--582},
    year = {2001},
    organization = {Springer},
    url = {https://iacr.org/archive/asiacrypt2001/22480568.pdf},
}

@inproceedings{strangio2006,
    title = {On the resilience of key agreement protocols to key compromise impersonation},
    author = {Strangio, Maurizio Adriano},
    booktitle = {European Public Key Infrastructure Workshop},
    pages = {233--247},
    year = {2006},
    organization = {Springer},
    url = {https://eprint.iacr.org/2006/252.pdf},
}

@techreport{rfc9180,
    author = {R. Barnes and K. Bhargavan and B. Lipp and C. Wood},
    title = {Hybrid Public Key Encryption},
    howpublished = {Internet Requests for Comments},
    type = {RFC},
    number = {9180},
    year = {2022},
    month = {February},
    issn = {2070-1721},
    publisher = {RFC Editor},
    institution = {RFC Editor},
    url = {https://www.rfc-editor.org/rfc/rfc9180.html},
}

@inproceedings{gamage1999,
    title = {Encrypted message authentication by firewalls},
    author = {Gamage, Chandana and Leiwo, Jussipekka and Zheng, Yuliang},
    booktitle = {International Workshop on Public Key Cryptography},
    pages = {69--81},
    year = {1999},
    organization = {Springer},
}

@incollection{an2010,
    title = {Security for Signcryption: The Two-User Model},
    author = {An, Jee Hea and Rabin, Tal},
    booktitle = {Practical Signcryption},
    pages = {21--42},
    year = {2010},
    publisher = {Springer},
}

@inproceedings{hoang2015,
    title = {Online authenticated-encryption and its nonce-reuse misuse-resistance},
    author = {Hoang, Viet Tung and Reyhanitabar, Reza and Rogaway, Phillip and Viz{\'a}r, Damian},
    booktitle = {Annual Cryptology Conference},
    pages = {493--517},
    year = {2015},
    organization = {Springer},
    url = {https://eprint.iacr.org/2015/189.pdf},
}

@inproceedings{boneh2016,
    title = {Balloon hashing: A memory-hard function providing provable protection against sequential attacks},
    author = {Boneh, Dan and Corrigan-Gibbs, Henry and Schechter, Stuart},
    booktitle = {International Conference on the Theory and Application of Cryptology and Information Security},
    pages = {220--248},
    year = {2016},
    organization = {Springer},
    url = {https://eprint.iacr.org/2016/027.pdf},
}

@incollection{baek2010,
    title = {Security for signcryption: the multi-user model},
    author = {Baek, Joonsang and Steinfeld, Ron},
    booktitle = {Practical Signcryption},
    pages = {43--53},
    year = {2010},
    publisher = {Springer},
}

@inproceedings{badertscher2018,
    title = {A Constructive Perspective on Signcryption Security},
    author = {Christian Badertscher and Fabio Banfi and Ueli Maurer},
    booktitle = {IACR Cryptol. ePrint Arch.},
    year = {2018},
    url = {https://ia.cr/2018/050},
}

@inproceedings{bernstein2013,
    title = {Elligator: Elliptic-curve points indistinguishable from uniform random strings},
    author = {Bernstein, Daniel J and Hamburg, Mike and Krasnova, Anna and Lange, Tanja},
    booktitle = {Proceedings of the 2013 ACM SIGSAC conference on Computer \& communications security},
    pages = {967--980},
    year = {2013},
    url = {https://elligator.cr.yp.to/elligator-20130828.pdf},
}

@inproceedings{baek2002,
    title = {Formal Proofs for the Security of Signcryption},
    booktitle = {Public Key Cryptography - PKC 2003, 6th International Workshop on Theory and Practice in Public Key Cryptography, Miami, FL, USA, January 6-8, 2003, Proceedings},
    series = {Lecture Notes in Computer Science},
    publisher = {Springer},
    volume = {2274},
    pages = {80--98},
    doi = {10.1007/3-540-45664-3_6},
    author = {Joonsang Baek and Ron Steinfeld and Yuliang Zheng},
    year = {2002},
    url = {https://citeseerx.ist.psu.edu/viewdoc/download?doi=10.1.1.130.4585&rep=rep1&type=pdf},
}
