@inproceedings{alwen2021,
  author       = {Alwen, Jo{\"e}l and Blanchet, Bruno and Hauck, Eduard and Kiltz, Eike and Lipp, Benjamin and Riepel, Doreen},
  booktitle    = {Annual International Conference on the Theory and Applications of Cryptographic Techniques},
  organization = {Springer},
  pages        = {87--116},
  title        = {Analysing the {HPKE} standard},
  url          = {https://eprint.iacr.org/2020/1499.pdf},
  year         = {2021},
}

@incollection{an2010,
  author    = {An, Jee Hea and Rabin, Tal},
  booktitle = {Practical Signcryption},
  pages     = {21--42},
  publisher = {Springer},
  title     = {Security for Signcryption: The Two-User Model},
  year      = {2010},
}

@inproceedings{aranha2020,
  author       = {Aranha, Diego F and Orlandi, Claudio and Takahashi, Akira and Zaverucha, Greg},
  booktitle    = {Annual International Conference on the Theory and Applications of Cryptographic Techniques},
  organization = {Springer},
  pages        = {644--674},
  title        = {Security of hedged {F}iat--{S}hamir signatures under fault attacks},
  url          = {https://eprint.iacr.org/2019/956.pdf},
  year         = {2020},
}

@inproceedings{badertscher2018,
  author    = {Christian Badertscher and Fabio Banfi and Ueli Maurer},
  booktitle = {IACR Cryptol. ePrint Arch.},
  title     = {A Constructive Perspective on Signcryption Security},
  url       = {https://ia.cr/2018/050},
  year      = {2018},
}

@incollection{baek2010,
  author    = {Baek, Joonsang and Steinfeld, Ron},
  booktitle = {Practical Signcryption},
  pages     = {43--53},
  publisher = {Springer},
  title     = {Security for signcryption: the multi-user model},
  year      = {2010},
}

@inproceedings{bellare2003,
  author       = {Bellare, Mihir and Boldyreva, Alexandra and Staddon, Jessica},
  booktitle    = {International Workshop on Public Key Cryptography},
  organization = {Springer},
  pages        = {85--99},
  title        = {Randomness re-use in multi-recipient encryption schemes},
  url          = {https://www.iacr.org/archive/pkc2003/25670085/25670085.pdf},
  year         = {2003},
}

@article{bellare2007,
  author  = {Bellare, Mihir and Boldyreva, Alexandra and Kurosawa, Kaoru and Staddon, Jessica},
  journal = {IEEE Transactions on Information Theory},
  number  = {11},
  pages   = {3927--3943},
  title   = {Multi-recipient encryption schemes: Efficient constructions and their security},
  url     = {https://faculty.cc.gatech.edu/~aboldyre/papers/bbks.pdf},
  volume  = {53},
  year    = {2007},
}

@inproceedings{bernstein2013,
  author    = {Bernstein, Daniel J and Hamburg, Mike and Krasnova, Anna and Lange, Tanja},
  booktitle = {Proceedings of the 2013 ACM SIGSAC conference on Computer \& communications security},
  pages     = {967--980},
  title     = {Elligator: Elliptic-curve points indistinguishable from uniform random strings},
  url       = {https://elligator.cr.yp.to/elligator-20130828.pdf},
  year      = {2013},
}

@inproceedings{bertoni2008,
  address   = {Berlin, Heidelberg},
  author    = {Bertoni, Guido and Daemen, Joan and Peeters, Micha{\"e}l and Van Assche, Gilles},
  booktitle = {Advances in Cryptology -- EUROCRYPT 2008},
  editor    = {Smart, Nigel},
  isbn      = {978-3-540-78967-3},
  pages     = {181--197},
  publisher = {Springer Berlin Heidelberg},
  title     = {On the Indifferentiability of the Sponge Construction},
  url       = {https://keccak.team/files/SpongeIndifferentiability.pdf},
  year      = {2008},
}

@inproceedings{bertoni2011duplex,
  author       = {Bertoni, Guido and Daemen, Joan and Peeters, Micha{\"e}l and Assche, Gilles Van},
  booktitle    = {International Workshop on Selected Areas in Cryptography},
  organization = {Springer},
  pages        = {320--337},
  title        = {Duplexing the sponge: single-pass authenticated encryption and other applications},
  url          = {https://keccak.team/files/SpongeDuplex.pdf},
  year         = {2011},
}

@inproceedings{bertoni2011sponge,
  author    = {Bertoni, Guido and Daemen, Joan and Peeters, Micha{\"e}l and Van Assche, Gilles},
  booktitle = {SHA-3 competition (round 3)},
  title     = {Cryptographic sponge functions},
  url       = {https://keccak.team/files/CSF-0.1.pdf},
  year      = {2011},
}

@inproceedings{bertoni2018,
  author       = {Bertoni, Guido and Daemen, Joan and Peeters, Micha{\"e}l and Assche, Gilles Van and Keer, Ronny Van and Viguier, Beno{\^\i}t},
  booktitle    = {International Conference on Applied Cryptography and Network Security},
  organization = {Springer},
  pages        = {400--418},
  title        = {KangarooTwelve: Fast Hashing Based on {Keccak-p}},
  url          = {https://eprint.iacr.org/2016/770.pdf},
  year         = {2018},
}

@article{blessing2021,
  author     = {Blessing, Jenny and Specter, Michael A. and Weitzner, Daniel J.},
  bibsource  = {dblp computer science bibliography, https://dblp.org},
  biburl     = {https://dblp.org/rec/journals/corr/abs-2107-04940.bib},
  eprint     = {2107.04940},
  eprinttype = {arXiv},
  journal    = {CoRR},
  timestamp  = {Tue, 20 Jul 2021 15:08:33 +0200},
  title      = {You Really Shouldn't Roll Your Own Crypto: An Empirical Study of Vulnerabilities in Cryptographic Libraries},
  url        = {https://arxiv.org/abs/2107.04940},
  url        = {https://arxiv.org/abs/2107.04940},
  volume     = {abs/2107.04940},
  year       = {2021},
}

@inproceedings{borisov2004,
  author    = {Borisov, Nikita and Goldberg, Ian and Brewer, Eric},
  booktitle = {Proceedings of the 2004 ACM workshop on Privacy in the electronic society},
  pages     = {77--84},
  title     = {Off-the-record communication, or, why not to use {PGP}},
  url       = {https://otr.cypherpunks.ca/otr-wpes.pdf},
  year      = {2004},
}

@inproceedings{brendel2021,
  author    = {Brendel, Jacqueline and Cremers, Cas and Jackson, Dennis and Zhao, Mang},
  booktitle = {2021 IEEE Symposium on Security and Privacy (SP)},
  doi       = {10.1109/SP40001.2021.00042},
  pages     = {1659--1676},
  title     = {The Provable Security of {Ed25519}: Theory and Practice},
  url       = {https://eprint.iacr.org/2020/823.pdf},
  year      = {2021},
}

@inproceedings{canetti2003,
  author       = {Canetti, Ran and Halevi, Shai and Katz, Jonathan},
  booktitle    = {International Conference on the Theory and Applications of Cryptographic Techniques},
  organization = {Springer},
  pages        = {255--271},
  title        = {A forward-secure public-key encryption scheme},
  url          = {https://eprint.iacr.org/2003/083.pdf},
  year         = {2003},
}

@inproceedings{chalkias2020,
  author       = {Chalkias, Konstantinos and Garillot, Fran{\c{c}}ois and Nikolaenko, Valeria},
  booktitle    = {International Conference on Research in Security Standardisation},
  organization = {Springer},
  pages        = {67--90},
  title        = {Taming the many {EdDSAs}},
  url          = {https://eprint.iacr.org/2020/1244.pdf},
  year         = {2020},
}

@article{daemen2020,
  author  = {Daemen, Joan and Hoffert, Seth and Peeters, MichaÃ«l and Van Assche, Gilles and Van Keer, Ronny},
  doi     = {10.13154/tosc.v2020.iS1.60-87},
  journal = {IACR Transactions on Symmetric Cryptology},
  month   = {06},
  number  = {S1},
  pages   = {60--87},
  title   = {Xoodyak, a lightweight cryptographic scheme},
  url     = {https://tosc.iacr.org/index.php/ToSC/article/view/8618},
  volume  = {2020},
  year    = {2020},
}

@online{hamburg2017,
  author       = {Mike Hamburg},
  howpublished = {Cryptology ePrint Archive, Report 2017/003},
  title        = {The {STROBE} protocol framework},
  url          = {https://eprint.iacr.org/2017/003.pdf},
  year         = {2017},
}

@inproceedings{hoang2015,
  author       = {Hoang, Viet Tung and Reyhanitabar, Reza and Rogaway, Phillip and Viz{\'a}r, Damian},
  booktitle    = {Annual Cryptology Conference},
  organization = {Springer},
  pages        = {493--517},
  title        = {Online authenticated-encryption and its nonce-reuse misuse-resistance},
  url          = {https://eprint.iacr.org/2015/189.pdf},
  year         = {2015},
}

@book{katz2020,
  author    = {Jonathan Katz and Yehuda Lindell},
  doi       = {10.1201/9781351133036},
  month     = dec,
  publisher = {Chapman and Hall/{CRC}},
  title     = {Introduction to Modern Cryptography},
  url       = {https://doi.org/10.1201/9781351133036},
  year      = {2020},
}

@inproceedings{kurosawa2002,
  author       = {Kurosawa, Kaoru},
  booktitle    = {International Workshop on Public Key Cryptography},
  organization = {Springer},
  pages        = {48--63},
  title        = {Multi-recipient public-key encryption with shortened ciphertext},
  url          = {https://eprint.iacr.org/2001/071},
  year         = {2002},
}

@online{langley2016,
  author = {Langley, Adam},
  title  = {Cryptographic Agility},
  url    = {https://www.imperialviolet.org/2016/05/16/agility.html},
  year   = {2016},
}

@article{neven2009,
  author  = {Neven, Gregory and Smart, Nigel P and Warinschi, Bogdan},
  journal = {Journal of Mathematical Cryptology},
  number  = {1},
  pages   = {69--87},
  title   = {Hash function requirements for {Schnorr} signatures},
  url     = {http://www.neven.org/papers/schnorr.pdf},
  volume  = {3},
  year    = {2009},
}

@inproceedings{nguyen2004,
  author       = {Nguyen, Phong Q},
  booktitle    = {International Conference on the Theory and Applications of Cryptographic Techniques},
  organization = {Springer},
  pages        = {555--570},
  title        = {Can we trust cryptographic software? Cryptographic flaws in {GNU Privacy Guard v1.2.3}},
  url          = {https://link.springer.com/content/pdf/10.1007%2F978-3-540-24676-3_33.pdf},
  year         = {2004},
}

@article{pointcheval2000,
  author    = {Pointcheval, David and Stern, Jacques},
  journal   = {Journal of Cryptology},
  number    = {3},
  pages     = {361--396},
  publisher = {Springer},
  title     = {Security arguments for digital signatures and blind signatures},
  url       = {https://www.di.ens.fr/david.pointcheval/Documents/Papers/2000_joc.pdf},
  volume    = {13},
  year      = {2000},
}

@online{pornin2020do,
  author       = {Thomas Pornin},
  howpublished = {Cryptology ePrint Archive, Paper 2020/1558},
  title        = {Double-Odd Elliptic Curves},
  url          = {https://eprint.iacr.org/2020/1558},
  year         = {2020},
}

@online{pornin2020schnorr,
  author       = {Thomas Pornin},
  howpublished = {Cryptology ePrint Archive, Paper 2020/454},
  title        = {Optimized Lattice Basis Reduction In Dimension 2, and Fast {Schnorr} and {EdDSA} Signature Verification},
  url          = {https://eprint.iacr.org/2020/454},
  year         = {2020},
}

@online{pornin2022,
  author       = {Thomas Pornin},
  howpublished = {Cryptology ePrint Archive, Paper 2022/1052},
  title        = {Double-Odd {Jacobi} Quartic},
  url          = {https://eprint.iacr.org/2022/1052},
  year         = {2022},
}

@online{rfc4880,
  author       = {J. Callas and L. Donnerhacke and H. Finney and D. Shaw and R. Thayer},
  howpublished = {Internet Requests for Comments},
  institution  = {RFC Editor},
  issn         = {2070-1721},
  month        = {11},
  number       = {4880},
  publisher    = {RFC Editor},
  title        = {{OpenPGP} Message Format},
  type         = {RFC},
  url          = {http://www.rfc-editor.org/rfc/rfc4880.html},
  year         = {2007},
}

@online{rfc9106,
  author       = {A. Biryukov and D. Dinu and D. Khovratovich and S. Josefsson},
  howpublished = {Internet Requests for Comments},
  institution  = {RFC Editor},
  issn         = {2070-1721},
  month        = {8},
  number       = {9106},
  publisher    = {RFC Editor},
  title        = {Argon2 Memory-Hard Function for Password Hashing and Proof-of-Work Applications},
  type         = {RFC},
  url          = {http://www.rfc-editor.org/rfc/rfc9106.html},
  year         = {2021},
}

@online{rfc9180,
  author       = {R. Barnes and K. Bhargavan and B. Lipp and C. Wood},
  howpublished = {Internet Requests for Comments},
  institution  = {RFC Editor},
  issn         = {2070-1721},
  month        = {02},
  number       = {9180},
  publisher    = {RFC Editor},
  title        = {Hybrid Public Key Encryption},
  type         = {RFC},
  url          = {http://www.rfc-editor.org/rfc/rfc9180.html},
  year         = {2022},
}

@inproceedings{rizzo2010practical,
  author    = {Rizzo, Juliano and Duong, Thai},
  booktitle = {4th USENIX Workshop on Offensive Technologies (WOOT 10)},
  title     = {Practical padding oracle attacks},
  url       = {https://www.usenix.org/legacy/event/woot10/tech/full_papers/Rizzo.pdf},
  year      = {2010},
}

@inproceedings{steinfeld2004,
  author       = {Steinfeld, Ron and Wang, Huaxiong and Pieprzyk, Josef},
  booktitle    = {International Workshop on Public Key Cryptography},
  organization = {Springer},
  pages        = {86--100},
  title        = {Efficient extension of standard {Schnorr/RSA} signatures into universal designated-verifier signatures},
  url          = {https://www.iacr.org/archive/pkc2004/29470087/29470087.pdf},
  year         = {2004},
}

@inproceedings{strangio2006,
  author       = {Strangio, Maurizio Adriano},
  booktitle    = {European Public Key Infrastructure Workshop},
  organization = {Springer},
  pages        = {233--247},
  title        = {On the resilience of key agreement protocols to key compromise impersonation},
  url          = {https://eprint.iacr.org/2006/252.pdf},
  year         = {2006},
}

@inproceedings{yu2004,
  author    = {Yu, Tom and Hartman, Sam and Raeburn, Kenneth},
  booktitle = {NDSS},
  pages     = {4--4},
  title     = {The Perils of Unauthenticated Encryption: {Kerberos} Version 4.},
  url       = {https://web.mit.edu/tlyu/papers/krb4peril-ndss04.pdf},
  volume    = {4},
  year      = {2004},
}
